<collection xmlns="http://www.loc.gov/MARC21/slim">
<record>
  <leader>01319nam0a2200253 i 450 </leader>
  <controlfield tag="001">IT\ICCU\CNCE\042331</controlfield>
  <controlfield tag="005">20130530000000.0</controlfield>
  <datafield tag="012" ind1=" " ind2=" ">
    <subfield code="a">u-t. i-r- *-,&amp; i-om (C) 1586 (A)</subfield>
    <subfield code="2">fei</subfield>
  </datafield>
  <datafield tag="100" ind1=" " ind2=" ">
    <subfield code="a">19981211d1586        0itac0103    ba</subfield>
  </datafield>
  <datafield tag="101" ind1=" " ind2=" ">
    <subfield code="a">LAT</subfield>
  </datafield>
  <datafield tag="102" ind1=" " ind2=" ">
    <subfield code="a">IT</subfield>
  </datafield>
  <datafield tag="200" ind1="1" ind2=" ">
    <subfield code="a">Constitutio s.d.n. Sixti V pont. max. renouationis pontificalium cappellarum in basilicis, certisque Almae Vrbis ecclesijs. Dominicis Quadragesimae, et Aduentus, alijsque statis solemnibus diebus celebrandarum</subfield>
  </datafield>
  <datafield tag="210" ind1=" " ind2=" ">
    <subfield code="e">Romae</subfield>
    <subfield code="g">apud haeredes Antonij Bladij impressores Camerales</subfield>
    <subfield code="h">1586</subfield>
  </datafield>
  <datafield tag="215" ind1=" " ind2=" ">
    <subfield code="a">\2! c.</subfield>
    <subfield code="d"> fol</subfield>
  </datafield>
  <datafield tag="620" ind1=" " ind2=" ">
    <subfield code="a">IT</subfield>
    <subfield code="d">Roma</subfield>
  </datafield>
  <datafield tag="700" ind1=" " ind2="0">
    <subfield code="a">Sixtus</subfield>
    <subfield code="c"> &lt;papa</subfield>
    <subfield code="c"> ; 5.&gt;</subfield>
    <subfield code="3">IT\ICCU\CNCA\007469</subfield>
  </datafield>
  <datafield tag="712" ind1="0" ind2="0">
    <subfield code="a">Blado, Antonio - eredi</subfield>
    <subfield code="3">IT\ICCU\CNCT\000148</subfield>
    <subfield code="4">650</subfield>
  </datafield>
  <datafield tag="790" ind1=" " ind2="1">
    <subfield code="a">Peretti,</subfield>
    <subfield code="b">Felice</subfield>
    <subfield code="3">IT\ICCU\CNCA\014759</subfield>
    <subfield code="z">Sixtus &lt;papa ; 5.&gt;</subfield>
  </datafield>
  <datafield tag="801" ind1=" " ind2="3">
    <subfield code="a">IT</subfield>
    <subfield code="b">ICCU</subfield>
    <subfield code="c">20201114</subfield>
  </datafield>
  <datafield tag="899" ind1=" " ind2=" ">
    <subfield code="a">Biblioteca del Seminario vescovile. Cesena</subfield>
    <subfield code="1">FC0108</subfield>
    <subfield code="2">PBE 54</subfield>
  </datafield>
  <datafield tag="899" ind1=" " ind2=" ">
    <subfield code="a">Biblioteca delle facolt ̉di Giurisprudenza e Scienze politiche dell&apos;Universit ̉degli studi di Urbino. Urbino</subfield>
    <subfield code="1">PU0127</subfield>
    <subfield code="2">URB AG</subfield>
  </datafield>
  <datafield tag="899" ind1=" " ind2=" ">
    <subfield code="a">Biblioteca comunale Giuseppe Taroni. Bagnacavallo</subfield>
    <subfield code="1">RA0002</subfield>
    <subfield code="2">RAV BC</subfield>
  </datafield>
  <datafield tag="899" ind1=" " ind2=" ">
    <subfield code="a">Biblioteca statale del Monumento nazionale S. Scolastica. Subiaco</subfield>
    <subfield code="1">RM0602</subfield>
    <subfield code="2">BVE SU</subfield>
  </datafield>
  <datafield tag="899" ind1=" " ind2=" ">
    <subfield code="a">Biblioteca comunale Ugo Nomi Venerosi-Pesciolini. San Gimignano</subfield>
    <subfield code="1">SI0037</subfield>
    <subfield code="2">RT1 PN</subfield>
  </datafield>
</record>
</collection>
